@legislation{USConst,
  title       = {Constitution of the United States},
  shorthand   = {U.S.~Const.},
  year        = {1787},
}
@online{ReddieAndGrose,
    title       = {Reddie \& Grose},
    url         = {https://www.reddie.co.uk},
    urldate        = {2023-08-24}
}
@online{identicalCloud,
    url         = {https://identicalcloud.com/blog/the-state-of-ai-in-2023/},
    title       = {The State of AI in 2023: What We Can Expect},
    date        = {2023-08-09}
}
@article{ramalho2018patentability,
  title={Patentability of AI-generated inventions: is a reform of the patent system needed?},
  author={Ramalho, Ana},
  journal={Available at SSRN 3168703},
  year={2018}
} % PROBLEM: JAPAN NOT US
@article{yanisky2017artificial,
  title={When artificial intelligence systems produce inventions: the 3A era and an alternative model for patent law},
  author={Yanisky-Ravid, Shlomit and Liu, Xiaoqiong Jackie},
  year={2017}
}
@book{pasquale2015black,
  title={The black box society: The secret algorithms that control money and information},
  author={Pasquale, Frank},
  year={2015},
  publisher={Harvard University Press}
}
@article{zarsky2013transparent,
  title={Transparent predictions},
  author={Zarsky, Tal Z},
  journal={U. Ill. L. Rev.},
  pages={1503},
  year={2013},
  publisher={HeinOnline}
}
@book{taylor2016group,
  title={Group privacy: New challenges of data technologies},
  author={Taylor, Linnet and Floridi, Luciano and Van der Sloot, Bart},
  volume={126},
  year={2016},
  publisher={Springer}
}
@article{mittelstadt2016ethics,
  title={The ethics of algorithms: Mapping the debate},
  author={Mittelstadt, Brent Daniel and Allo, Patrick and Taddeo, Mariarosaria and Wachter, Sandra and Floridi, Luciano},
  journal={Big Data \& Society},
  volume={3},
  number={2},
  pages={2053951716679679},
  year={2016},
  publisher={SAGE Publications Sage UK: London, England}
}
@article{wachter2017right,
  title={Why a right to explanation of automated decision-making does not exist in the general data protection regulation},
  author={Wachter, Sandra and Mittelstadt, Brent and Floridi, Luciano},
  journal={International Data Privacy Law},
  volume={7},
  number={2},
  pages={76--99},
  year={2017},
  publisher={Oxford University Press}
}
@misc{1966graham,
  title={Graham v. John Deere Co.},
  booktitle={US},
  volume={383},
  pages={1},
  number={3831, 17-18},
  year={1966},
  publisher={Supreme Court}
}
@misc{1980diamond,
  title={Diamond v. Chakrabarty},
  booktitle={US},
  volume={447},
  pages={303},
  number={No. 79-136},
  year={1980},
  publisher={Supreme Court}
}
@book{machlup1958economic,
  title={An economic review of the patent system},
  author={Machlup, Fritz},
  number={15},
  year={1958},
  publisher={US Government Printing Office}
}
@article{merges1990complex,
  title={On the complex economics of patent scope},
  author={Merges, Robert P and Nelson, Richard R},
  journal={Columbia law review},
  volume={90},
  number={4},
  pages={839--916},
  year={1990},
  publisher={JSTOR}
}
@article{scotchmer1991standing,
  title={Standing on the shoulders of giants: cumulative research and the patent law},
  author={Scotchmer, Suzanne},
  journal={Journal of economic perspectives},
  volume={5},
  number={1},
  pages={29--41},
  year={1991},
  publisher={American Economic Association}
}
@article{gallini2002economics,
  title={The economics of patents: Lessons from recent US patent reform},
  author={Gallini, Nancy T},
  journal={Journal of Economic Perspectives},
  volume={16},
  number={2},
  pages={131--154},
  year={2002},
  publisher={American Economic Association}
}
@article{heller1998can,
  title={Can patents deter innovation? The anticommons in biomedical research},
  author={Heller, Michael A and Eisenberg, Rebecca S},
  journal={Science},
  volume={280},
  number={5364},
  pages={698--701},
  year={1998},
  publisher={American Association for the Advancement of Science}
}
@article{hall2001patent,
  title={The patent paradox revisited: an empirical study of patenting in the US semiconductor industry, 1979-1995},
  author={Hall, Bronwyn H and Ziedonis, Rosemarie Ham},
  journal={rand Journal of Economics},
  pages={101--128},
  year={2001},
  publisher={JSTOR}
}
@article{lemley2007universities,
  title={Are universities patent trolls},
  author={Lemley, Mark A},
  journal={Fordham Intell. Prop. Media \& Ent. LJ},
  volume={18},
  pages={611},
  year={2007},
  publisher={HeinOnline}
}
@book{bessen2009patent,
  title={Patent failure: How judges, bureaucrats, and lawyers put innovators at risk},
  author={Bessen, James and Meurer, Michael J},
  year={2009},
  publisher={Princeton University Press}
}
@misc{2007ksr,
  title={KSR Intern. Co. v. Teleflex Inc.},
  booktitle={US},
  volume={550},
  pages={398},
  number={No. 04-1350},
  year={2007},
  publisher={Supreme Court}
}
@book{russell2010artificial,
  title={Artificial intelligence a modern approach},
  author={Russell, Stuart J},
  year={2010},
  publisher={Pearson Education, Inc.}
}
@book{mccorduck2004machines,
  title={Machines who think: A personal inquiry into the history and prospects of artificial intelligence},
  author={McCorduck, Pamela and Cfe, Cli},
  year={2004},
  publisher={CRC Press}
}
@article{lecun2015deep,
  title={Deep learning},
  author={LeCun, Yann and Bengio, Yoshua and Hinton, Geoffrey},
  journal={nature},
  volume={521},
  number={7553},
  pages={436--444},
  year={2015},
  publisher={Nature Publishing Group UK London}
}
@book{goodfellow2016deep,
  title={Deep learning},
  author={Goodfellow, Ian and Bengio, Yoshua and Courville, Aaron},
  year={2016},
  publisher={MIT press}
}
@article{krizhevsky2012imagenet,
  title={Imagenet classification with deep convolutional neural networks},
  author={Krizhevsky, Alex and Sutskever, Ilya and Hinton, Geoffrey E},
  journal={Advances in neural information processing systems},
  volume={25},
  year={2012}
}
@article{jordan2015machine,
  title={Machine learning: Trends, perspectives, and prospects},
  author={Jordan, Michael I and Mitchell, Tom M},
  journal={Science},
  volume={349},
  number={6245},
  pages={255--260},
  year={2015},
  publisher={American Association for the Advancement of Science}
}